@article{liu2023hiermud,
  title = {{{HierMUD}}: {{Hierarchical Multi-task Unsupervised Domain Adaptation}} between {{Bridges}} for {{Drive-by Damage Diagnosis}}},
  author = {Liu, Jingxiao and Xu, Susu and Berg{\'e}s, Mario and Noh, Hae Young},
  year = {2023},
  month = may,
  journal = {Structural Health Monitoring},
  volume = {22},
  number = {3},
  eprint = {2107.11435},
  primaryclass = {cs},
  pages = {1941--1968},
  issn = {1475-9217, 1741-3168},
  doi = {10.1177/14759217221081159},
  urldate = {2023-06-25},
  archiveprefix = {arxiv},
  langid = {english}
}

@article{liu2023turning,
  title = {Turning {{Telecommunication Fiber-Optic Cables}} into {{Distributed Acoustic Sensors}} for {{Vibration-Based Bridge Health Monitoring}}},
  author = {Liu, Jingxiao and Yuan, Siyuan and Luo, Bin and Biondi, Biondo and Noh, Hae Young},
  editor = {Faravelli, Lucia},
  year = {2023},
  month = apr,
  journal = {Structural Control and Health Monitoring},
  volume = {2023},
  pages = {1--14},
  issn = {1545-2263, 1545-2255},
  doi = {10.1155/2023/3902306},
  urldate = {2023-06-25},
  langid = {english}
}

@article{ye2023prediction,
  title={Prediction and early warning of wind-induced girder and tower vibration in cable-stayed bridges with machine learning-based approach},
  author={Ye, Xiao-Wei and Sun, Zhen and Lu, Jun},
  journal={Engineering Structures},
  volume={275},
  pages={115261},
  year={2023},
  publisher={Elsevier}
}

@article{caetano2022characterisation,
  title = {Characterisation and Assessment of Damage in Cable Structures},
  author = {Caetano, Elsa},
  year = {2022},
  month = aug,
  journal = {Journal of Civil Structural Health Monitoring},
  issn = {2190-5452, 2190-5479},
  doi = {10.1007/s13349-022-00614-z},
  urldate = {2022-11-04},
  langid = {english}
}

@article{dan2022monitoring,
  title = {Monitoring, Intelligent Perception, and Early Warning of Vortex-induced Vibration of Suspension Bridge},
  author = {Dan, Danhui and Li, Houjin},
  year = {2022},
  month = may,
  journal = {Structural Control and Health Monitoring},
  volume = {29},
  number = {5},
  issn = {1545-2255, 1545-2263},
  doi = {10.1002/stc.2928},
  urldate = {2022-11-13},
  langid = {english}
}

@inproceedings{dong2022gaitvibe,
  title = {{{GaitVibe}}+: {{Enhancing Structural Vibration-based Footstep Localization Using Temporary Cameras}} for {{In-home Gait Analysis}}},
  booktitle = {Proceedings of the {{Twentieth ACM Conference}} on {{Embedded Networked Sensor Systems}}},
  author = {Dong, Yiwen and Liu, Jingxiao and Noh, Hae Young},
  year = {2022},
  month = nov,
  eprint = {2212.03377},
  primaryclass = {cs, eess},
  pages = {1168--1174},
  doi = {10.1145/3560905.3568435},
  urldate = {2023-06-25},
  archiveprefix = {arxiv},
  langid = {english}
}

@inproceedings{dong2022revibe,
  title = {Re-Vibe: Vibration-Based Indoor Person Re-Identification through Cross-Structure Optimal Transport},
  booktitle = {Proceedings of the 9th {{ACM International Conference}} on {{Systems}} for {{Energy-Efficient Buildings}}, {{Cities}}, and {{Transportation}}},
  author = {Dong, Yiwen and Zhu, Jiacheng and Noh, Hae Young},
  year = {2022},
  month = nov,
  pages = {348--352},
  publisher = {{ACM}},
  address = {{Boston Massachusetts}},
  doi = {10.1145/3563357.3566134},
  urldate = {2023-06-25},
  isbn = {978-1-4503-9890-9},
  langid = {english}
}

@article{haldar2022state,
  title = {State of the {{Art Review}} of {{Aerodynamic Effects}} on {{Bridges}}},
  author = {Haldar, Puja and Karmakar, Somnath},
  year = {2022},
  month = sep,
  journal = {Journal of The Institution of Engineers (India): Series A},
  volume = {103},
  number = {3},
  pages = {943--960},
  issn = {2250-2149, 2250-2157},
  doi = {10.1007/s40030-022-00640-6},
  urldate = {2022-11-04},
  langid = {english}
}

@article{he2022identification,
  title = {Identification, Tracking and Warning of Vortex Induced Vibration Using k-Means Clustering Method},
  author = {He, Min and Liang, Peng and Zhang, Yang and Wang, Yang and Wang, Kang-di},
  year = {2022},
  month = jul,
  journal = {Structure and Infrastructure Engineering},
  pages = {1--14},
  issn = {1573-2479, 1744-8980},
  doi = {10.1080/15732479.2022.2096081},
  urldate = {2022-11-27},
  langid = {english}
}

@article{he2022online,
  title = {Online Automatic Monitoring of Abnormal Vibration of Stay Cables Based on Acceleration Data from Structural Health Monitoring},
  author = {He, Min and Liang, Peng and Wang, Yang and Xia, Zi-li and Wu, Xiao-yang},
  year = {2022},
  month = may,
  journal = {Measurement},
  volume = {195},
  pages = {111102},
  issn = {02632241},
  doi = {10.1016/j.measurement.2022.111102},
  urldate = {2022-11-04},
  langid = {english}
}

@article{he2022unified,
  title = {Unified Method for Fully Automated Modal Identification and Tracking with Consideration of Sensor Deployment},
  author = {He, Min and Liang, Peng and Zhang, Yang and Yang, Fan and Liu, Jiu-xian},
  year = {2022},
  month = jun,
  journal = {Engineering Structures},
  volume = {260},
  pages = {114223},
  issn = {01410296},
  doi = {10.1016/j.engstruct.2022.114223},
  urldate = {2022-11-27},
  langid = {english}
}

@article{larsen2022wind,
  title = {Wind {{Induced Hanger Vibrations}} \textendash{} the {{H\aa logaland Suspension Bridge}}},
  author = {Larsen, Allan and Andersen, Ken Gr{\o}nne and Jamal, Assad},
  year = {2022},
  month = jan,
  journal = {Structural Engineering International},
  volume = {32},
  number = {1},
  pages = {62--70},
  issn = {1016-8664, 1683-0350},
  doi = {10.1080/10168664.2021.1930332},
  urldate = {2022-11-04},
  langid = {english}
}

@article{li2022convolutional,
  title = {A Convolutional Neural Network-based Full-field Response Reconstruction Framework with Multitype Inputs and Outputs},
  author = {Li, Yixian and Ni, Peng and Sun, Limin and Zhu, Wang},
  year = {2022},
  month = jul,
  journal = {Structural Control and Health Monitoring},
  volume = {29},
  number = {7},
  issn = {1545-2255, 1545-2263},
  doi = {10.1002/stc.2961},
  urldate = {2022-11-27},
  langid = {english}
}

@article{li2022novel,
  title = {Novel Spacer-Tuned-Mass-Damper System for Controlling Vibrations of Hangers},
  author = {Li, Shengli and Gao, Wudi and Yurchenko, Daniil and Wang, Xidong and Wang, Junlei and Liu, Xiaowei},
  year = {2022},
  month = mar,
  journal = {Mechanical Systems and Signal Processing},
  volume = {167},
  pages = {108537},
  issn = {08883270},
  doi = {10.1016/j.ymssp.2021.108537},
  urldate = {2022-11-04},
  langid = {english}
}

@article{luo2022finite,
  title = {Finite Element Model Updating Method for Continuous Girder Bridges Using Monitoring Responses and Traffic Videos},
  author = {Luo, Lanxin and Xia, Ye and Wang, Ao and Lei, Xiaoming and Jian, Xudong and Sun, Limin},
  year = {2022},
  month = nov,
  journal = {Structural Control and Health Monitoring},
  volume = {29},
  number = {11},
  issn = {1545-2255, 1545-2263},
  doi = {10.1002/stc.3062},
  urldate = {2022-11-27},
  langid = {english}
}

@article{luo2022finitea,
  title = {Finite Element Model Updating Method for Continuous Girder Bridges Using Monitoring Responses and Traffic Videos},
  author = {Luo, Lanxin and Xia, Ye and Wang, Ao and Lei, Xiaoming and Jian, Xudong and Sun, Limin},
  year = {2022},
  month = nov,
  journal = {Structural Control and Health Monitoring},
  volume = {29},
  number = {11},
  issn = {1545-2255, 1545-2263},
  doi = {10.1002/stc.3062},
  urldate = {2023-03-18},
  langid = {english}
}

@article{ni2022trafficinduced,
  title = {Traffic-Induced Bridge Displacement Reconstruction Using a Physics-Informed Convolutional Neural Network},
  author = {Ni, Peng and Li, Yixian and Sun, Limin and Wang, Ao},
  year = {2022},
  month = oct,
  journal = {Computers \& Structures},
  volume = {271},
  pages = {106863},
  issn = {00457949},
  doi = {10.1016/j.compstruc.2022.106863},
  urldate = {2022-11-27},
  langid = {english}
}

@article{ni2022trafficinduceda,
  title = {Traffic-Induced Bridge Displacement Reconstruction Using a Physics-Informed Convolutional Neural Network},
  author = {Ni, Peng and Li, Yixian and Sun, Limin and Wang, Ao},
  year = {2022},
  month = oct,
  journal = {Computers \& Structures},
  volume = {271},
  pages = {106863},
  issn = {00457949},
  doi = {10.1016/j.compstruc.2022.106863},
  urldate = {2023-02-19},
  langid = {english}
}

@incollection{noh2022big,
  title = {Big Data Analysis for Civil Infrastructure Sensing},
  booktitle = {Sensor {{Technologies}} for {{Civil Infrastructures}}},
  author = {Noh, Hae Young and Fagert, Jonathon},
  year = {2022},
  pages = {639--677},
  publisher = {{Elsevier}},
  doi = {10.1016/B978-0-08-102706-6.00007-6},
  urldate = {2023-06-25},
  isbn = {978-0-08-102706-6},
  langid = {english}
}

@article{sun2022stay,
  title = {Stay Cable Vibration Mitigation: {{A}} Review},
  author = {Sun, Limin and Chen, Lin and Huang, Hongwei},
  year = {2022},
  month = dec,
  journal = {Advances in Structural Engineering},
  volume = {25},
  number = {16},
  pages = {3368--3404},
  issn = {1369-4332, 2048-4011},
  doi = {10.1177/13694332221132316},
  urldate = {2022-11-11},
  langid = {english}
}

@misc{yuan2022spatial,
  title = {Spatial {{Deep Deconvolution U-Net}} for {{Traffic Analyses}} with {{Distributed Acoustic Sensing}}},
  author = {Yuan, Siyuan and van den Ende, Martijn and Liu, Jingxiao and Noh, Hae Young and Clapp, Robert and Richard, C{\'e}dric and Biondi, Biondo},
  year = {2022},
  month = dec,
  number = {arXiv:2212.03936},
  eprint = {arXiv:2212.03936},
  publisher = {{arXiv}},
  urldate = {2023-06-25},
  archiveprefix = {arxiv},
  langid = {english}
}
@article{zhang2022anomaly,
  title = {Anomaly Detection of Sensor Faults and Extreme Events Based on Support Vector Data Description},
  author = {Zhang, Yuxuan and Wang, Xiaoyou and Ding, Zhenghao and Du, Yao and Xia, Yong},
  year = {2022},
  month = oct,
  journal = {Structural Control and Health Monitoring},
  volume = {29},
  number = {10},
  issn = {1545-2255, 1545-2263},
  doi = {10.1002/stc.3047},
  urldate = {2023-05-22},
  langid = {english}
}

@article{zhang2022parametric,
  title = {Parametric Dynamic Analysis of a Double-Hanger System via Rigid Cross-Ties in Suspension Bridges},
  author = {Zhang, Lifeng and Yang, Song and Chen, Fan and Xu, Bin and Dan, Danhui},
  year = {2022},
  month = mar,
  journal = {Structures},
  volume = {37},
  pages = {849--857},
  issn = {23520124},
  doi = {10.1016/j.istruc.2022.01.038},
  urldate = {2022-11-04},
  langid = {english}
}

@article{zhao2022statemonitoring,
  title = {State-Monitoring for Abnormal Vibration of Bridge Cables Focusing on Non-Stationary Responses: {{From}} Knowledge in Phenomena to Digital Indicators},
  author = {Zhao, Hanwei and Ding, Youliang and Li, Aiqun and Chen, Bin and Zhang, Xiaonan},
  year = {2022},
  month = dec,
  journal = {Measurement},
  volume = {205},
  pages = {112148},
  issn = {02632241},
  doi = {10.1016/j.measurement.2022.112148},
  urldate = {2022-11-13},
  langid = {english}
}

@article{deng2021wakeinduced,
  title = {Wake-{{Induced Vibrations}} of the {{Hangers}} of the {{Xihoumen Bridge}}},
  author = {Deng, Yangchen and Li, Shouying and Zhang, Mingzhe and Lei, Xu and Chen, Zhengqing},
  year = {2021},
  month = oct,
  journal = {Journal of Bridge Engineering},
  volume = {26},
  number = {10},
  pages = {05021012},
  issn = {1084-0702, 1943-5592},
  doi = {10.1061/(ASCE)BE.1943-5592.0001779},
  urldate = {2022-11-04},
  langid = {english}
}

@article{fukushima2021wakeinduced,
  title = {Wake-Induced Instabilities of Parallel Circular Cylinders with Tandem and Staggered Arrangements},
  author = {Fukushima, Haruki and Yagi, Tomomi and Shimoda, Takuya and Noguchi, Kyohei},
  year = {2021},
  month = aug,
  journal = {Journal of Wind Engineering and Industrial Aerodynamics},
  volume = {215},
  pages = {104697},
  issn = {01676105},
  doi = {10.1016/j.jweia.2021.104697},
  urldate = {2022-11-04},
  langid = {english}
}

@article{li2021physicsguided,
  title = {Physics-Guided Deep Learning Framework for Predictive Modeling of Bridge Vortex-Induced Vibrations from Field Monitoring},
  author = {Li, Shanwu and Laima, Shujin and Li, Hui},
  year = {2021},
  month = mar,
  journal = {Physics of Fluids},
  volume = {33},
  number = {3},
  pages = {037113},
  issn = {1070-6631, 1089-7666},
  doi = {10.1063/5.0032402},
  urldate = {2023-02-19},
  langid = {english}
}

@article{liu2021experimental,
  title = {Experimental Study on High-Mode Vortex-Induced Vibration of Stay Cable and Its Aerodynamic Countermeasures},
  author = {Liu, Zhiwen and Shen, Jingsi and Li, Shuqiong and Chen, Zhengqing and Ou, Qingbao and Xin, Dabo},
  year = {2021},
  month = jan,
  journal = {Journal of Fluids and Structures},
  volume = {100},
  pages = {103195},
  issn = {08899746},
  doi = {10.1016/j.jfluidstructs.2020.103195},
  urldate = {2022-11-07},
  langid = {english}
}

@article{yangchen2021experimental,
  title = {Experimental Investigation on Wake-Induced Vibrations of the Hangers of Suspension Bridges Based on Three-Dimensional Elastic Test Model},
  author = {Yangchen, Deng and Shouying, Li and Zhengqing, Chen},
  year = {2021},
  month = may,
  journal = {Engineering Structures},
  volume = {234},
  pages = {111985},
  issn = {01410296},
  doi = {10.1016/j.engstruct.2021.111985},
  urldate = {2022-11-04},
  langid = {english}
}

@article{zhang2021buffetinginduced,
  title = {Buffeting-{{Induced Resonances}} of {{Hangers}} at a {{Long-Span Suspension Bridge}} and {{Mitigation Countermeasure}}},
  author = {Zhang, Zhitian and Zeng, Jiadong and Zhu, Ledong and Ge, Yaojun},
  year = {2021},
  month = sep,
  journal = {Journal of Bridge Engineering},
  volume = {26},
  number = {9},
  pages = {04021064},
  issn = {1084-0702, 1943-5592},
  doi = {10.1061/(ASCE)BE.1943-5592.0001769},
  urldate = {2022-11-04},
  langid = {english}
}

@article{chen2020comparative,
  title = {A Comparative Study of Multi-Mode Cable Vibration Control Using Viscous and Viscoelastic Dampers through Field Tests on the {{Sutong Bridge}}},
  author = {Chen, Lin and Sun, Limin and Xu, Yuyuan and Di, Fangdian and Xu, Yingmei and Wang, Lujun},
  year = {2020},
  month = dec,
  journal = {Engineering Structures},
  volume = {224},
  pages = {111226},
  issn = {01410296},
  doi = {10.1016/j.engstruct.2020.111226},
  urldate = {2022-11-07},
  langid = {english}
}

@article{chen2020complex,
  title = {Complex Wake-Induced Vibration of Aligned Hangers behind Tower of Long-Span Suspension Bridge},
  author = {Chen, Wen-Li and Yang, Wen-Han and Xu, Feng and Zhang, Chen-Guang},
  year = {2020},
  month = jan,
  journal = {Journal of Fluids and Structures},
  volume = {92},
  pages = {102829},
  issn = {08899746},
  doi = {10.1016/j.jfluidstructs.2019.102829},
  urldate = {2022-11-04},
  langid = {english}
}

@article{chen2020wakeinduced,
  title = {Wake-Induced Vibration of a Suspender Cable in the Rear of a Bridge Tower},
  author = {Chen, Wen-Li and Huang, Ye-Wei and Meng, Hao},
  year = {2020},
  month = nov,
  journal = {Journal of Fluids and Structures},
  volume = {99},
  pages = {103166},
  issn = {08899746},
  doi = {10.1016/j.jfluidstructs.2020.103166},
  urldate = {2022-11-04},
  langid = {english}
}

@article{fang2020vortexinduced,
  title = {Vortex-{{Induced Vibration}} of a {{Tall Bridge Tower}} with {{Four Columns}} and the {{Wake Effects}} on the {{Nearby Suspenders}}},
  author = {Fang, Chen and Wang, Zewen and Tang, Haojun and Li, Yongle and Deng, Zhouquan},
  year = {2020},
  month = aug,
  journal = {International Journal of Structural Stability and Dynamics},
  volume = {20},
  number = {09},
  pages = {2050105},
  issn = {0219-4554, 1793-6764},
  doi = {10.1142/S0219455420501059},
  urldate = {2022-11-04},
  langid = {english}
}

@article{hou2020cable,
  title = {Cable {{Reliability Assessments}} for {{Cable-Stayed Bridges}} Using {{Identified Tension Forces}} and {{Monitored Loads}}},
  author = {Hou, Ning and Sun, Limin and Chen, Lin},
  year = {2020},
  month = jul,
  journal = {Journal of Bridge Engineering},
  volume = {25},
  number = {7},
  pages = {05020003},
  issn = {1084-0702, 1943-5592},
  doi = {10.1061/(ASCE)BE.1943-5592.0001573},
  urldate = {2022-11-07},
  langid = {english}
}

@article{jafari2020windinduced,
  title = {Wind-Induced Vibration of Structural Cables},
  author = {Jafari, M. and Hou, F. and Abdelkefi, A.},
  year = {2020},
  month = mar,
  journal = {Nonlinear Dynamics},
  volume = {100},
  number = {1},
  pages = {351--421},
  issn = {0924-090X, 1573-269X},
  doi = {10.1007/s11071-020-05541-6},
  urldate = {2022-11-12},
  langid = {english}
}

@article{wu2020automated,
  title = {Automated {{Modal Identification Based}} on {{Improved Clustering Method}}},
  author = {Wu, Gangrou and He, Min and Liang, Peng and Ye, Chunsheng and Xu, Yue},
  year = {2020},
  month = apr,
  journal = {Mathematical Problems in Engineering},
  volume = {2020},
  pages = {1--16},
  issn = {1024-123X, 1563-5147},
  doi = {10.1155/2020/5698609},
  urldate = {2022-11-27},
  langid = {english}
}

@article{deng2019unsteady,
  title = {Unsteady {{Theoretical Analysis}} on the {{Wake-Induced Vibration}} of {{Suspension Bridge Hangers}}},
  author = {Deng, Yangchen and Li, Shouying and Chen, Zhengqing},
  year = {2019},
  month = feb,
  journal = {Journal of Bridge Engineering},
  volume = {24},
  number = {2},
  pages = {04018113},
  issn = {1084-0702, 1943-5592},
  doi = {10.1061/(ASCE)BE.1943-5592.0001339},
  urldate = {2022-11-04},
  langid = {english}
}

@article{du2019effects,
  title = {Effects of Surface Roughness on the Wake-Induced Instabilities of Two Circular Cylinders},
  author = {Du, Xiaoqing and Lin, Weiqun and Wu, Gefei and {Daichin} and Jiang, Benjian},
  year = {2019},
  month = nov,
  journal = {Journal of Fluids and Structures},
  volume = {91},
  pages = {102738},
  issn = {08899746},
  doi = {10.1016/j.jfluidstructs.2019.102738},
  urldate = {2022-11-04},
  langid = {english}
}

@article{ge2019vibration,
  title = {Vibration Characteristics Identification of Ultra-Long Cables of a Cable-Stayed Bridge in Normal Operation Based on Half-Year Monitoring Data},
  author = {Ge, Chunxi and Chen, Airong},
  year = {2019},
  month = dec,
  journal = {Structure and Infrastructure Engineering},
  volume = {15},
  number = {12},
  pages = {1567--1582},
  issn = {1573-2479, 1744-8980},
  doi = {10.1080/15732479.2019.1625416},
  urldate = {2022-11-07},
  langid = {english}
}

@article{guo2019effects,
  title = {Effects of Aerodynamic Interference on the Iced Straddling Hangers of Suspension Bridges by Wind Tunnel Tests},
  author = {Guo, Pan and Li, Shengli and Wang, Dongwei},
  year = {2019},
  month = jan,
  journal = {Journal of Wind Engineering and Industrial Aerodynamics},
  volume = {184},
  pages = {162--173},
  issn = {01676105},
  doi = {10.1016/j.jweia.2018.11.017},
  urldate = {2022-11-04},
  langid = {english}
}

@article{huang2019automatic,
  title = {Automatic {{Identification}} of {{Bridge Vortex-Induced Vibration Using Random Decrement Method}}},
  author = {Huang, Zhiwen and Li, Yanzhe and Hua, Xugang and Chen, Zhengqing and Wen, Qing},
  year = {2019},
  month = may,
  journal = {Applied Sciences},
  volume = {9},
  number = {10},
  pages = {2049},
  issn = {2076-3417},
  doi = {10.3390/app9102049},
  urldate = {2022-11-04},
  langid = {english}
}

@article{li2019aerodynamic,
  title = {Aerodynamic Interference between the Cables of the Suspension Bridge Hanger},
  author = {Li, Shouying and Xiao, Chunyun and Wu, Teng and Chen, Zhengqing},
  year = {2019},
  month = may,
  journal = {Advances in Structural Engineering},
  volume = {22},
  number = {7},
  pages = {1657--1671},
  issn = {1369-4332, 2048-4011},
  doi = {10.1177/1369433218820623},
  urldate = {2022-11-04},
  langid = {english}
}

@article{li2019experimental,
  title = {Experimental Investigation on Aerodynamic Interference of Two Kinds of Suspension Bridge Hangers},
  author = {Li, Shouying and Deng, Yangchen and Huang, Jun and Chen, Zhengqing},
  year = {2019},
  month = oct,
  journal = {Journal of Fluids and Structures},
  volume = {90},
  pages = {57--70},
  issn = {08899746},
  doi = {10.1016/j.jfluidstructs.2019.06.010},
  urldate = {2022-11-04},
  langid = {english}
}

@article{zheng2019realtime,
  title = {Real-Time Dynamic Displacement Monitoring with Double Integration of Acceleration Based on Recursive Least Squares Method},
  author = {Zheng, Wenhao and Dan, Danhui and Cheng, Wei and Xia, Ye},
  year = {2019},
  month = jul,
  journal = {Measurement},
  volume = {141},
  pages = {460--471},
  issn = {02632241},
  doi = {10.1016/j.measurement.2019.04.053},
  urldate = {2023-05-19},
  langid = {english}
}

@article{cantero2018indirect,
  title = {Indirect Monitoring of Vortex-Induced Vibration of Suspension Bridge Hangers},
  author = {Cantero, Daniel and {\O}iseth, Ole and R{\o}nnquist, Anders},
  year = {2018},
  month = jul,
  journal = {Structural Health Monitoring},
  volume = {17},
  number = {4},
  pages = {837--849},
  issn = {1475-9217, 1741-3168},
  doi = {10.1177/1475921717721873},
  urldate = {2022-11-04},
  langid = {english}
}

@article{chen2018wakeflowinduced,
  title = {Wake-Flow-Induced Vibrations of Vertical Hangers behind the Tower of a Long-Span Suspension Bridge},
  author = {Chen, Wenli and Gao, Donglai and Li, Hui and Hu, Hui},
  year = {2018},
  month = aug,
  journal = {Engineering Structures},
  volume = {169},
  pages = {188--200},
  issn = {01410296},
  doi = {10.1016/j.engstruct.2018.05.049},
  urldate = {2022-11-04},
  langid = {english}
}

@article{hajiaghamohammadzarbaf2018vibrationbased,
  title = {Vibration-Based Cable Condition Assessment: {{A}} Novel Application of Neural Networks},
  author = {Haji Agha Mohammad Zarbaf, Seyed Ehsan and Norouzi, Mehdi and Allemang, Randall and Hunt, Victor and Helmicki, Arthur and Venkatesh, Chandrasekar},
  year = {2018},
  month = dec,
  journal = {Engineering Structures},
  volume = {177},
  pages = {291--305},
  issn = {01410296},
  doi = {10.1016/j.engstruct.2018.09.060},
  urldate = {2022-11-07},
  langid = {english}
}

@article{li2018datadriven,
  title = {Data-Driven Modeling of Vortex-Induced Vibration of a Long-Span Suspension Bridge Using Decision Tree Learning and Support Vector Regression},
  author = {Li, Shanwu and Laima, Shujin and Li, Hui},
  year = {2018},
  month = jan,
  journal = {Journal of Wind Engineering and Industrial Aerodynamics},
  volume = {172},
  pages = {196--211},
  issn = {01676105},
  doi = {10.1016/j.jweia.2017.10.022},
  urldate = {2022-11-04},
  langid = {english}
}

@article{wen2018experimental,
  title = {Experimental Study of Wake-Induced Instability of Coupled Parallel Hanger Ropes for Suspension Bridges},
  author = {Wen, Q. and Hua, X.G. and Lei, X. and Chen, Z.Q. and Niu, H.W.},
  year = {2018},
  month = jul,
  journal = {Engineering Structures},
  volume = {167},
  pages = {175--187},
  issn = {01410296},
  doi = {10.1016/j.engstruct.2018.04.023},
  urldate = {2022-11-04},
  langid = {english}
}

@article{an2017fast,
  title = {Fast {{Warning Method}} for {{Rigid Hangers}} in a {{High-Speed Railway Arch Bridge Using Long-Term Monitoring Data}}},
  author = {An, Yonghui and Guan, Delong and Ding, Youliang and Ou, Jinping},
  year = {2017},
  month = dec,
  journal = {Journal of Performance of Constructed Facilities},
  volume = {31},
  number = {6},
  pages = {04017103},
  issn = {0887-3828, 1943-5509},
  doi = {10.1061/(ASCE)CF.1943-5509.0001097},
  urldate = {2022-11-23},
  langid = {english}
}

@article{li2017cluster,
  title = {Cluster Analysis of Winds and Wind-Induced Vibrations on a Long-Span Bridge Based on Long-Term Field Monitoring Data},
  author = {Li, Shanwu and Laima, Shujin and Li, Hui},
  year = {2017},
  month = may,
  journal = {Engineering Structures},
  volume = {138},
  pages = {245--259},
  issn = {01410296},
  doi = {10.1016/j.engstruct.2017.02.024},
  urldate = {2022-11-04},
  langid = {english}
}

@article{li2017vortexinduced,
  title = {Vortex-Induced Vibration of Suspenders in the Wake of Bridge Tower by Numerical Simulation and Wind Tunnel Test},
  author = {Li, Yongle and Tang, Haojun and Lin, Qiaoman and Chen, Xinzhong},
  year = {2017},
  month = may,
  journal = {Journal of Wind Engineering and Industrial Aerodynamics},
  volume = {164},
  pages = {164--173},
  issn = {01676105},
  doi = {10.1016/j.jweia.2017.02.017},
  urldate = {2022-11-04},
  langid = {english}
}

@article{zhang2016mechanism,
  title = {Mechanism of {{Hanger Oscillation}} at {{Suspension Bridges}}: {{Buffeting-Induced Resonance}}},
  author = {Zhang, Z. T. and Wu, X. B. and Chen, Z. Q. and Ge, Y. J.},
  year = {2016},
  month = mar,
  journal = {Journal of Bridge Engineering},
  volume = {21},
  number = {3},
  pages = {04015066},
  issn = {1084-0702, 1943-5592},
  doi = {10.1061/(ASCE)BE.1943-5592.0000834},
  urldate = {2022-11-04},
  langid = {english}
}

@article{chen2015experimental,
  title = {An Experimental Investigation on Vortex Induced Vibration of a Flexible Inclined Cable under a Shear Flow},
  author = {Chen, Wen-Li and Zhang, Qiang-Qiang and Li, Hui and Hu, Hui},
  year = {2015},
  month = apr,
  journal = {Journal of Fluids and Structures},
  volume = {54},
  pages = {297--311},
  issn = {08899746},
  doi = {10.1016/j.jfluidstructs.2014.11.007},
  urldate = {2022-11-04},
  langid = {english}
}

@article{jensen2014cablesupported,
  title = {Cable-Supported Bridges: Design, Maintenance, Rehabilitation and Management},
  author = {Jensen, Jens Sandager},
  year = {2014},
  month = apr,
  journal = {Structure and Infrastructure Engineering},
  volume = {10},
  number = {4},
  pages = {508--520},
  issn = {1573-2479, 1744-8980},
  doi = {10.1080/15732479.2013.769012},
  urldate = {2022-11-04},
  langid = {english}
}

@article{klimova2013common,
  title = {Common {{Mistakes}} in {{Writing Abstracts}} in {{English}}},
  author = {Klimova, Blanka Frydrychova},
  year = {2013},
  month = oct,
  journal = {Procedia - Social and Behavioral Sciences},
  volume = {93},
  pages = {512--516},
  issn = {18770428},
  doi = {10.1016/j.sbspro.2013.09.230},
  urldate = {2022-11-27},
  langid = {english}
}

@article{wu2013excitation,
  title = {On the Excitation Mechanisms of Rain\textendash Wind Induced Vibration of Cables: {{Unsteady}} and Hysteretic Nonlinear Features},
  author = {Wu, Teng and Kareem, Ahsan and Li, Shouying},
  year = {2013},
  month = nov,
  journal = {Journal of Wind Engineering and Industrial Aerodynamics},
  volume = {122},
  pages = {83--95},
  issn = {01676105},
  doi = {10.1016/j.jweia.2013.06.001},
  urldate = {2022-11-04},
  langid = {english}
}

@article{wolf2008using,
  title = {Using the {{Energy Balance Method}} in {{Estimation}} of {{Overhead Transmission Line Aeolian Vibrations}}},
  author = {WOlF, Hinko and AduM, Boris},
  year = {2008},
  pages = {8},
  langid = {english}
}

@inproceedings{laursen2006analysis,
  title = {Analysis and {{Mitigation}} of {{Large Amplitude Cable Vibrations}} at the {{Great Belt East Bridge}}},
  booktitle = {{{IABSE Conference}}, {{Copenhagen}} 2006: {{Operation}}, {{Maintenance}} and {{Rehabilitation}} of {{Large Infrastructure Projects}}, {{Bridges}} and {{Tunnels}}},
  author = {Laursen, Ernst and Bitsch, Niels and Andersen, Jacob E.},
  year = {2006},
  pages = {64--71},
  publisher = {{International Association for Bridge and Structural Engineering (IABSE)}},
  address = {{Copenhagen, Denmark}},
  doi = {10.2749/222137806796236015},
  urldate = {2022-11-04},
  isbn = {978-87-91044-03-8},
  langid = {english}
}

@article{kashima2001monitoring,
  title = {Monitoring the {{Akashi Kaikyo Bridge}}: {{First Experiences}}},
  author = {Kashima, Satoshi and Yanaka, Yukikazu and Suzuki, Shuichi and Mori, Kunihisa},
  year = {2001},
  month = may,
  journal = {Structural Engineering International},
  volume = {11},
  number = {2},
  pages = {120--123},
  issn = {1016-8664, 1683-0350},
  doi = {10.2749/101686601780347200},
  urldate = {2022-11-04},
  langid = {english}
}

@article{kondoh2001design,
  title = {Design {{Method}} of a {{Hanger System}} for {{Long-Span Suspension Bridge}}},
  author = {Kondoh, Munenobu and Okuda, Motoi and Kawaguchi, Kouji and Yamazaki, Takefumi},
  year = {2001},
  month = jun,
  journal = {Journal of Bridge Engineering},
  volume = {6},
  number = {3},
  pages = {176--182},
  issn = {1084-0702, 1943-5592},
  doi = {10.1061/(ASCE)1084-0702(2001)6:3(176)},
  urldate = {2022-11-04},
  langid = {english}
}

@article{yoshimura1992aerodynamic,
  title = {Aerodynamic Stability of Four Medium Span Bridges in {{Kyushu}} District},
  author = {Yoshimura, T.},
  year = {1992},
  month = oct,
  journal = {Journal of Wind Engineering and Industrial Aerodynamics},
  volume = {42},
  number = {1-3},
  pages = {1203--1214},
  issn = {01676105},
  doi = {10.1016/0167-6105(92)90127-V},
  urldate = {2022-11-04},
  langid = {english}
}
